<?xml version="1.0" encoding="UTF-8"?><collection xmlns="http://www.loc.gov/MARC21/slim"><record><leader>00577nam--2200193-i-4500</leader><controlfield tag="001">000044492</controlfield><controlfield tag="002">20161230</controlfield><controlfield tag="005">20161230201044</controlfield><controlfield tag="008">060222s1000------------r-----000-0-fre-d</controlfield><datafield ind1=" " ind2=" " tag="040"><subfield code="a">IFIN-HH</subfield></datafield><datafield ind1=" " ind2=" " tag="041"><subfield code="a">fre</subfield></datafield><datafield ind1=" " ind2=" " tag="080"><subfield code="a">537.533:539.2</subfield></datafield><datafield ind1="1" ind2=" " tag="100"><subfield code="a">Pantell, Richard H</subfield></datafield><datafield ind1="1" ind2="0" tag="245"><subfield code="a">Electronique quantique en vue des applications</subfield><subfield code="b">Traduit par j.m.mouly. presentation de m.y.bernard</subfield><subfield code="c">Richard h. pantell, harold e. puthoff</subfield></datafield><datafield ind1=" " ind2=" " tag="260"><subfield code="a">Paris</subfield><subfield code="b">Dunod</subfield><subfield code="c">1973</subfield></datafield><datafield ind1=" " ind2=" " tag="300"><subfield code="a">XVIII+381P</subfield></datafield><datafield ind1="1" ind2=" " tag="700"><subfield code="a">Puthoff, Harold E</subfield></datafield><datafield ind1=" " ind2=" " tag="852"><subfield code="a">42195</subfield><subfield code="c">537.533</subfield></datafield><datafield ind1=" " ind2=" " tag="CAT"><subfield code="a">Sys</subfield><subfield code="c">20110830</subfield><subfield code="h">100032</subfield></datafield></record></collection>